<collection xmlns="http://www.loc.gov/MARC21/slim">
<record>
  <leader>00786nam0a22002051i 450 </leader>
  <controlfield tag="001">IT\ICCU\CNCE\051221</controlfield>
  <controlfield tag="005">20001205000000.0</controlfield>
  <datafield tag="100" ind1=" " ind2=" ">
    <subfield code="a">20001205d1510        0itac0103    ba</subfield>
  </datafield>
  <datafield tag="101" ind1=" " ind2=" ">
    <subfield code="a">ITA</subfield>
  </datafield>
  <datafield tag="102" ind1=" " ind2=" ">
    <subfield code="a">IT</subfield>
  </datafield>
  <datafield tag="200" ind1="1" ind2=" ">
    <subfield code="a">Fascicolo di medicina</subfield>
  </datafield>
  <datafield tag="210" ind1=" " ind2=" ">
    <subfield code="a">Milano</subfield>
    <subfield code="c">Gio. Angelo Scinzenzeler</subfield>
    <subfield code="d">1510</subfield>
  </datafield>
  <datafield tag="215" ind1=" " ind2=" ">
    <subfield code="a">fol</subfield>
  </datafield>
  <datafield tag="300" ind1=" " ind2=" ">
    <subfield code="a">nel Supplemento a Scinzenzeler Balsamo lo definisce un fantasma bibliografico</subfield>
  </datafield>
  <datafield tag="700" ind1=" " ind2="1">
    <subfield code="a">Ketham,</subfield>
    <subfield code="b">Johannes</subfield>
    <subfield code="3">IT\ICCU\CNCA\008778</subfield>
  </datafield>
  <datafield tag="790" ind1=" " ind2="0">
    <subfield code="a">Kartham</subfield>
    <subfield code="c"> : Alemanus</subfield>
    <subfield code="3">IT\ICCU\CNCA\019468</subfield>
    <subfield code="z">Ketham, Johannes</subfield>
  </datafield>
  <datafield tag="790" ind1=" " ind2="1">
    <subfield code="a">Karcham,</subfield>
    <subfield code="b">Johannes : de</subfield>
    <subfield code="3">IT\ICCU\CNCA\019469</subfield>
    <subfield code="z">Ketham, Johannes</subfield>
  </datafield>
  <datafield tag="790" ind1=" " ind2="1">
    <subfield code="a">Ketum,</subfield>
    <subfield code="b">Johannes : von</subfield>
    <subfield code="3">IT\ICCU\CNCA\019470</subfield>
    <subfield code="z">Ketham, Johannes</subfield>
  </datafield>
  <datafield tag="790" ind1=" " ind2="1">
    <subfield code="a">Ketham,</subfield>
    <subfield code="b">Johann : von</subfield>
    <subfield code="3">IT\ICCU\CNCA\019477</subfield>
    <subfield code="z">Ketham, Johannes</subfield>
  </datafield>
  <datafield tag="801" ind1=" " ind2="3">
    <subfield code="a">IT</subfield>
    <subfield code="b">ICCU</subfield>
    <subfield code="c">20201115</subfield>
  </datafield>
</record>
</collection>
